@ARTICLE{MCTS,
    author = {C. B. Browne},
    title = {A Survey of Monte Carlo Tree Search Methods},
    journal = {Computational Intelligence and AI in Games, IEEE Transactions },
    year = {2012},
    volume = {4},
    pages = {1-43}
}

@ARTICLE{UCT,
    author = {L. Kocsis, C. Szepesvari, and J. Willemsen},
    title = {Improved Monte-Carlo search},
    journal = {Tech. Rep. 1},
    year = {2006},
}

@ONLINE{GGP,
	title = {General Game Playing},
	url = {http://www.ggp.org/}
	year = {2014}
}

@ONLINE{JUNG,
	title = {Java Universal Network/Graph Framework (JUNG)},
	url = {http://jung.sourceforge.net/}
	year = {2014}
}

